Record 1
LDR  00846cam  2200229   45  
005  19900603000000.0
008  791114c19661967nyua     b    10000 eng  
010       $a 68001937
035       $a (CStRLIN)12901741-B
040       $c CU-AL
050  0    $a HF5686.P3 $b I5 1966
111  10   $a Institute on Oil and Gas Accounting $n (2d : $d 1966 : $c Dallas)
260  0    $a Albany, $b M. Bender, $c 1966 [c1967]
300       $a viii, 247 p. $b illus. $c 24 cm
500       $a UCDL: NO 245 FIELD - CREATE ERROR FIELD (04/02).
650   0   $a Petroleum industry and trade $x Accounting
700  10   $a Ernst, Armine Carol
710  20   $a Southwestern Legal Foundation
710  20   $a International Oil and Gas Educational Center (Southwestern Legal Foundation)
852       $a DLB $b stx $j HF5686.P3 I5 1966
901       $a DLB $b 108760
998       $a DLB $b 1002 $c Record contains no 245 field $d Release-027-000 $e 108760

Record 2
