LDR  01085cXm  2200289   45  
005  19900603000000.0
008  800401s1938    nyua          00010 eng  
010       $a 38023185
035       $a (CStRLIN)14919303-B
040       $c CU-AL $d CU-AL
043       $a n-us---
050  0    $a HD3636.U6 $b N68
100  10   $a Norwood, John Wall, $d 1876-
245  10   $a Trade practice and price law, federal, $c by John W. Norwood ..
260  0    $a New York, Chicago [etc.] $b Commerce clearing house, inc., Loose leaf service division of the Corporation trust company $c [c1938]
300       $a 1 p. l., 265 p. $b diagr. $c 24 cm
500       $a UCDL: UNKNOWN TYPE - CREATE ERROR FIELD (04/02).
610  10   $a United States. $b Federal Trade Commission
650   0   $a Competition, Unfair $z United States
650   0   $a Pricing
650   0   $a Restraint of trade $z United States
650   0   $a Interstate commerce
650   0   $a Antitrust law $z United States
710  10   $a United States
852       $a DLB $b stx $h KF3195.A6 $i N67
901       $a DLB $b 115489
998       $a DLB $b 1004 $c Record contains the invalid leader type X $d Release-027-000 $e 115489

Record 3
