LDR  01301caX  2200313   45  
005  19900604000000.0
008  801117s1915    nyu      b    00010 eng  
010       $a 15002396
035       $a (CStRLIN)19850727-B
040       $c CU-AL $d CU-AL
043       $a e-uk---
100  10   $a Ewell, Marshall Davis, $d 1844-1928
245  10   $a Essentials of the law ..
250       $a 2d ed. $b By Marshall D. Ewell ..
260  0    $a Albany, N. Y., $b M. Bender & company, incorporated, $c 1915
300       $a 2 v. $c 24 cm
500       $a UCDL: UNKNOWN BIBLVL - CREATE ERROR FIELD (04/02).
505  0    $a v.1. A review of Blackstone's commentaries with explanatory notes for the use of students at law.--v.2. Elementary law ... with notes and references for the use of students at law
600  10   $a Blackstone, William, $c Sir, $d 1723-1780. $t Commentaries on the laws of England
610  20   $a Law Institute $z Great Britain $x History.
610  14   $a Great Britain $x Law $x Commentaries
650   0   $a Law $z Great Britain $x Outlines, syllabi, etc
650   1   $a Law Practice $x History $x Juvenile.
650   0   $a Law $x History.
650   2   $a Medicine and Law.
690   4   $a Law $x Commentaries.
852       $a DLB $b stx $h KD661 $i .E93 1915
901       $a DLB $b 125797
998       $a DLB $b 1005 $c Record contains the invalid bibliographic level X $d Release-027-000 $e 125797

Record 4
