LDR  00820cam  2200241 i 45  
005  19950130000000.0
008  800227s1976    ilu      b    00110 eng  
010       $a 75020892
020       $a 0226319997 :
035       $a (CStRLIN)14294583-B
050  0    $a HV8665 $b .H39 1976
100  10   $a Hawkins, G. J. $q (Gordon J.)
245  14   $a The prison : $b policy and practice / $c Gordon Hawkins
260  0    $a Chicago : $b University of Chicago, $c 1976
300       $a xi, 217 p. ; $c 22 cm
440   0   $a Studies in crime and justice
500       $a UCDL: UNKNOWN LOC CODE IN 920 $l - CREATE ERROR FIELD (04/020).
504       $a Bibliography: p. 187-203
650   0   $a Prisons
650   0   $a Imprisonment
852       $a DLB $b XXX $h HV8665 $i .H39
901       $a DLB $b 113565
998       $a DLB $b 1003 $c Record contains the unknown location code XXX $d Release-027-000 $e 113565

